<?xml version="1.0" encoding="UTF-8"?><collection xmlns="http://www.loc.gov/MARC21/slim"><record><leader>00418nam--2200169-i-4500</leader><controlfield tag="001">000020895</controlfield><controlfield tag="002">20161230</controlfield><controlfield tag="005">20161230201033</controlfield><controlfield tag="008">060222s1000------------r-----000-0-eng-d</controlfield><datafield ind1=" " ind2=" " tag="040"><subfield code="a">IFIN-HH</subfield></datafield><datafield ind1=" " ind2=" " tag="080"><subfield code="a">537.84</subfield></datafield><datafield ind1="1" ind2=" " tag="100"><subfield code="a">Dragos, Lazar</subfield></datafield><datafield ind1="1" ind2="0" tag="245"><subfield code="a">Magnetofluid dynamics</subfield><subfield code="c">Lazar dragos</subfield></datafield><datafield ind1=" " ind2=" " tag="260"><subfield code="a">Bucuresti</subfield><subfield code="b">Editura Academiei</subfield><subfield code="c">1975</subfield></datafield><datafield ind1=" " ind2=" " tag="300"><subfield code="a">478 P</subfield></datafield><datafield ind1=" " ind2=" " tag="852"><subfield code="a">79701</subfield><subfield code="c">538.4</subfield></datafield><datafield ind1=" " ind2=" " tag="CAT"><subfield code="a">Sys</subfield><subfield code="c">20110920</subfield><subfield code="h">153546</subfield></datafield></record></collection>